@INPROCEEDINGS{modified_hausdorff,
author={S. Atev and O. Masoud and N. Papanikolopoulos},
booktitle={2006 IEEE/RSJ International Conference on Intelligent Robots and Systems},
title={Learning Traffic Patterns at Intersections by Spectral Clustering of Motion Trajectories},
year={2006},
volume={},
number={},
pages={4851-4856},
keywords={image motion analysis;pattern clustering;road traffic;traffic engineering computing;motion trajectories;spectral clustering;traffic intersection;traffic patterns;vision tracking system;Calibration;Cameras;Data mining;Intelligent robots;Layout;Robustness;Time measurement;Traffic control;Trajectory;Vehicles},
doi={10.1109/IROS.2006.282362},
ISSN={2153-0858},
month={Oct},}